@MISC{eigenweb,
  author = {Ga\"{e}l Guennebaud and Beno\^{i}t Jacob and others},
  title = {Eigen v3},
  howpublished = {http://eigen.tuxfamily.org},
  year = {2010}
 }
 
@MISC{audiocompare,
   author = {An Dang, Cory Finger, Zheng Hui Er and Charles Connell},
   title = {AudioCompare},
   howpublished = {https://github.com/charlesconnell/AudioCompare},
   year = {2013}
}

@MISC{earsketch,
	author = {Georgia Tech. Research Corporation},
	title = {EarSketch},
	howpublished = {http://earsketch.gatech.edu/},
	month = Dec,
	year = {2013}
}

@MISC{similarityapp,
	author = {GAR Software},
	title = {Similarity},
	month = Dec,
	year = {2013},
	howpublished = {http://www.similarityapp.com/}
}

@MISC{juce,
	author = {Raw Material Software Ltd},
	title = {JUCE : Jules' Utility Class Extensions},
	month = Dec,
	year = {2013},
	howpublished = {http://www.juce.com/}
}
	
 @inproceedings{terasawa2005thirteen,
  title={The thirteen colors of timbre},
  author={Terasawa, Hiroko and Slaney, Malcolm and Berger, Jonathan},
  booktitle={Applications of Signal Processing to Audio and Acoustics, 2005. IEEE Workshop on},
  pages={323--326},
  year={2005},
  organization={IEEE}
}

@inproceedings{levy2006lightweight,
  title={Lightweight measures for timbral similarity of musical audio},
  author={Levy, Mark and Sandler, Mark},
  booktitle={Proceedings of the 1st ACM workshop on Audio and music computing multimedia},
  pages={27--36},
  year={2006},
  organization={ACM}
}

@article{jensen2009quantitative,
  title={Quantitative analysis of a common audio similarity measure},
  author={Jensen, Jesper H{\o}jvang and Christensen, Mads Gr{\ae}sb{\o}ll and Ellis, Daniel PW and Jensen, S{\o}ren Holdt},
  journal={Audio, Speech, and Language Processing, IEEE Transactions on},
  volume={17},
  number={4},
  pages={693--703},
  year={2009},
  publisher={IEEE}
}

@article{jensen2006evaluation,
  title={Evaluation of MFCC estimation techniques for music similarity},
  author={Jensen, Jesper H{\o}jvang and Christensen, Mads G and Murthi, Manohar and Jensen, S{\o}ren Holdt},
  year={2006}
}

@inproceedings{foote2001beat,
  title={The Beat Spectrum: A New Approach To Rhythm Analysis.},
  author={Foote, Jonathan and Uchihashi, Shingo},
  booktitle={ICME},
  year={2001}
}


@article{scheirer1998tempo,
  title={Tempo and beat analysis of acoustic musical signals},
  author={Scheirer, Eric D},
  journal={The Journal of the Acoustical Society of America},
  volume={103},
  pages={588},
  year={1998}
}

@book{wold1999classification,
  title={Classification, search and retrieval of audio},
  author={Wold, Erling and Blum, Thom and Keislar, Douglas and Wheaton, James},
  volume={10},
  year={1999},
  publisher={chapter}
}